<?xml version="1.0" encoding="UTF-8"?><collection xmlns="http://www.loc.gov/MARC21/slim"><record><leader>00485nam--2200181-i-4500</leader><controlfield tag="001">000007487</controlfield><controlfield tag="002">20161230</controlfield><controlfield tag="005">20161230201027</controlfield><controlfield tag="008">060222s1000------------r-----000-0-eng-d</controlfield><datafield ind1=" " ind2=" " tag="040"><subfield code="a">IFIN-HH</subfield></datafield><datafield ind1=" " ind2=" " tag="080"><subfield code="a">519.21</subfield></datafield><datafield ind1="1" ind2=" " tag="100"><subfield code="a">Parzen, Emanuel</subfield></datafield><datafield ind1="1" ind2="0" tag="245"><subfield code="a">Stochastic processes</subfield><subfield code="c">Emanuel parzen</subfield></datafield><datafield ind1=" " ind2=" " tag="260"><subfield code="a">San-francisco</subfield><subfield code="b">Holden-day</subfield><subfield code="c">1962</subfield></datafield><datafield ind1=" " ind2=" " tag="300"><subfield code="a">XI+324P</subfield></datafield><datafield ind1=" " ind2=" " tag="490"><subfield code="a">Holden-day Series In Probability And Statistics</subfield></datafield><datafield ind1=" " ind2=" " tag="852"><subfield code="a">37595</subfield><subfield code="c">519.24</subfield></datafield><datafield ind1=" " ind2=" " tag="CAT"><subfield code="a">Sys</subfield><subfield code="c">20130805</subfield><subfield code="h">125003</subfield></datafield></record></collection>